%YAML 1.1
%TAG !u! tag:unity3d.com,2011:
--- !u!1 &525417812438384803
GameObject:
  m_ObjectHideFlags: 0
  m_CorrespondingSourceObject: {fileID: 0}
  m_PrefabInstance: {fileID: 0}
  m_PrefabAsset: {fileID: 0}
  serializedVersion: 6
  m_Component:
  - component: {fileID: 525417812438162563}
  - component: {fileID: 5649346180432484039}
  - component: {fileID: 4167578266438980095}
  - component: {fileID: 5671684261484872274}
  - component: {fileID: 5649346180432484043}
  - component: {fileID: 5649346180432484038}
  - component: {fileID: 5649346180432484037}
  m_Layer: 6
  m_Name: Scissors
  m_TagString: TijerasSocket
  m_Icon: {fileID: 0}
  m_NavMeshLayer: 0
  m_StaticEditorFlags: 0
  m_IsActive: 1
--- !u!4 &525417812438162563
Transform:
  m_ObjectHideFlags: 0
  m_CorrespondingSourceObject: {fileID: 0}
  m_PrefabInstance: {fileID: 0}
  m_PrefabAsset: {fileID: 0}
  m_GameObject: {fileID: 525417812438384803}
  m_LocalRotation: {x: 0.4998696, y: -0.5001305, z: -0.5001304, w: -0.49986956}
  m_LocalPosition: {x: -6.892, y: 0.765, z: 1.826}
  m_LocalScale: {x: 4, y: 4, z: 4}
  m_ConstrainProportionsScale: 0
  m_Children:
  - {fileID: 4167578266961857186}
  - {fileID: 5014870999028118217}
  - {fileID: 259980234476609434}
  - {fileID: 4174479921228885627}
  m_Father: {fileID: 0}
  m_RootOrder: 0
  m_LocalEulerAnglesHint: {x: -90, y: 180, z: -89.97}
--- !u!65 &5649346180432484039
BoxCollider:
  m_ObjectHideFlags: 0
  m_CorrespondingSourceObject: {fileID: 0}
  m_PrefabInstance: {fileID: 0}
  m_PrefabAsset: {fileID: 0}
  m_GameObject: {fileID: 525417812438384803}
  m_Material: {fileID: 0}
  m_IsTrigger: 0
  m_Enabled: 1
  serializedVersion: 2
  m_Size: {x: 0.003962457, y: 0.019273266, z: 0.05002311}
  m_Center: {x: -0.000121474266, y: 0.000121466815, z: -0.0003052801}
--- !u!54 &4167578266438980095
Rigidbody:
  m_ObjectHideFlags: 0
  m_CorrespondingSourceObject: {fileID: 0}
  m_PrefabInstance: {fileID: 0}
  m_PrefabAsset: {fileID: 0}
  m_GameObject: {fileID: 525417812438384803}
  serializedVersion: 2
  m_Mass: 0.55
  m_Drag: 0
  m_AngularDrag: 0.05
  m_UseGravity: 1
  m_IsKinematic: 0
  m_Interpolate: 0
  m_Constraints: 0
  m_CollisionDetection: 0
--- !u!114 &5671684261484872274
MonoBehaviour:
  m_ObjectHideFlags: 0
  m_CorrespondingSourceObject: {fileID: 0}
  m_PrefabInstance: {fileID: 0}
  m_PrefabAsset: {fileID: 0}
  m_GameObject: {fileID: 525417812438384803}
  m_Enabled: 1
  m_EditorHideFlags: 0
  m_Script: {fileID: 11500000, guid: 2b27684dbd6387a45b88168d6bb45aa5, type: 3}
  m_Name: 
  m_EditorClassIdentifier: 
  m_InteractionManager: {fileID: 0}
  m_Colliders: []
  m_InteractionLayerMask:
    serializedVersion: 2
    m_Bits: 4294967295
  m_InteractionLayers:
    m_Bits: 132
  m_DistanceCalculationMode: 1
  m_SelectMode: 0
  m_CustomReticle: {fileID: 0}
  m_FirstHoverEntered:
    m_PersistentCalls:
      m_Calls: []
  m_LastHoverExited:
    m_PersistentCalls:
      m_Calls: []
  m_HoverEntered:
    m_PersistentCalls:
      m_Calls: []
  m_HoverExited:
    m_PersistentCalls:
      m_Calls: []
  m_FirstSelectEntered:
    m_PersistentCalls:
      m_Calls: []
  m_LastSelectExited:
    m_PersistentCalls:
      m_Calls: []
  m_SelectEntered:
    m_PersistentCalls:
      m_Calls: []
  m_SelectExited:
    m_PersistentCalls:
      m_Calls: []
  m_Activated:
    m_PersistentCalls:
      m_Calls:
      - m_Target: {fileID: 4174479921228885621}
        m_TargetAssemblyTypeName: CallOnTriggerTool, Assembly-CSharp
        m_MethodName: activateTool
        m_Mode: 1
        m_Arguments:
          m_ObjectArgument: {fileID: 0}
          m_ObjectArgumentAssemblyTypeName: UnityEngine.Object, UnityEngine
          m_IntArgument: 0
          m_FloatArgument: 0
          m_StringArgument: 
          m_BoolArgument: 0
        m_CallState: 2
      - m_Target: {fileID: 5649346180432484037}
        m_TargetAssemblyTypeName: ObjectAnim, Assembly-CSharp
        m_MethodName: PlayAnimation
        m_Mode: 1
        m_Arguments:
          m_ObjectArgument: {fileID: 0}
          m_ObjectArgumentAssemblyTypeName: UnityEngine.Object, UnityEngine
          m_IntArgument: 0
          m_FloatArgument: 0
          m_StringArgument: 
          m_BoolArgument: 0
        m_CallState: 2
  m_Deactivated:
    m_PersistentCalls:
      m_Calls: []
  m_OnFirstHoverEntered:
    m_PersistentCalls:
      m_Calls: []
  m_OnLastHoverExited:
    m_PersistentCalls:
      m_Calls: []
  m_OnHoverEntered:
    m_PersistentCalls:
      m_Calls: []
  m_OnHoverExited:
    m_PersistentCalls:
      m_Calls: []
  m_OnSelectEntered:
    m_PersistentCalls:
      m_Calls: []
  m_OnSelectExited:
    m_PersistentCalls:
      m_Calls: []
  m_OnSelectCanceled:
    m_PersistentCalls:
      m_Calls: []
  m_OnActivate:
    m_PersistentCalls:
      m_Calls: []
  m_OnDeactivate:
    m_PersistentCalls:
      m_Calls: []
  m_AttachTransform: {fileID: 0}
  m_UseDynamicAttach: 0
  m_MatchAttachPosition: 1
  m_MatchAttachRotation: 1
  m_SnapToColliderVolume: 1
  m_AttachEaseInTime: 0.15
  m_MovementType: 2
  m_VelocityDamping: 1
  m_VelocityScale: 1
  m_AngularVelocityDamping: 1
  m_AngularVelocityScale: 1
  m_TrackPosition: 1
  m_SmoothPosition: 1
  m_SmoothPositionAmount: 5
  m_TightenPosition: 0.5
  m_TrackRotation: 1
  m_SmoothRotation: 1
  m_SmoothRotationAmount: 5
  m_TightenRotation: 0.5
  m_ThrowOnDetach: 1
  m_ThrowSmoothingDuration: 0.25
  m_ThrowSmoothingCurve:
    serializedVersion: 2
    m_Curve:
    - serializedVersion: 3
      time: 1
      value: 1
      inSlope: 0
      outSlope: 0
      tangentMode: 0
      weightedMode: 0
      inWeight: 0
      outWeight: 0
    m_PreInfinity: 2
    m_PostInfinity: 2
    m_RotationOrder: 4
  m_ThrowVelocityScale: 1.5
  m_ThrowAngularVelocityScale: 1
  m_ForceGravityOnDetach: 0
  m_RetainTransformParent: 1
  m_AttachPointCompatibilityMode: 0
  leftAttachTransform: {fileID: 4167578266961857186}
  rightAttachTransform: {fileID: 5014870999028118217}
--- !u!114 &5649346180432484043
MonoBehaviour:
  m_ObjectHideFlags: 0
  m_CorrespondingSourceObject: {fileID: 0}
  m_PrefabInstance: {fileID: 0}
  m_PrefabAsset: {fileID: 0}
  m_GameObject: {fileID: 525417812438384803}
  m_Enabled: 1
  m_EditorHideFlags: 0
  m_Script: {fileID: 11500000, guid: bb0274cb42bff5b4e98d5ff383d94267, type: 3}
  m_Name: 
  m_EditorClassIdentifier: 
  hapticOnActivated:
    intensity_: 1
    duration_: 0.1
  hapticHoverEntered:
    intensity_: 0
    duration_: 0
  hapticHoverExited:
    intensity_: 0
    duration_: 0
  hapticSelectEntered:
    intensity_: 0
    duration_: 0
  hapticSelectExited:
    intensity_: 0
    duration_: 0
--- !u!95 &5649346180432484038
Animator:
  serializedVersion: 4
  m_ObjectHideFlags: 0
  m_CorrespondingSourceObject: {fileID: 0}
  m_PrefabInstance: {fileID: 0}
  m_PrefabAsset: {fileID: 0}
  m_GameObject: {fileID: 525417812438384803}
  m_Enabled: 1
  m_Avatar: {fileID: 0}
  m_Controller: {fileID: 9100000, guid: 66a91b3c6c2bee841a02fb2a3466edd4, type: 2}
  m_CullingMode: 0
  m_UpdateMode: 0
  m_ApplyRootMotion: 0
  m_LinearVelocityBlending: 0
  m_StabilizeFeet: 0
  m_WarningMessage: 
  m_HasTransformHierarchy: 1
  m_AllowConstantClipSamplingOptimization: 1
  m_KeepAnimatorControllerStateOnDisable: 0
--- !u!114 &5649346180432484037
MonoBehaviour:
  m_ObjectHideFlags: 0
  m_CorrespondingSourceObject: {fileID: 0}
  m_PrefabInstance: {fileID: 0}
  m_PrefabAsset: {fileID: 0}
  m_GameObject: {fileID: 525417812438384803}
  m_Enabled: 1
  m_EditorHideFlags: 0
  m_Script: {fileID: 11500000, guid: b529157bb225c924d90060d450e33040, type: 3}
  m_Name: 
  m_EditorClassIdentifier: 
  objectAnimator: {fileID: 5649346180432484038}
  StateAnimationName: CloseTijerasState
--- !u!1 &4167578266961857187
GameObject:
  m_ObjectHideFlags: 0
  m_CorrespondingSourceObject: {fileID: 0}
  m_PrefabInstance: {fileID: 0}
  m_PrefabAsset: {fileID: 0}
  serializedVersion: 6
  m_Component:
  - component: {fileID: 4167578266961857186}
  m_Layer: 6
  m_Name: Left Attach Point
  m_TagString: Untagged
  m_Icon: {fileID: 0}
  m_NavMeshLayer: 0
  m_StaticEditorFlags: 0
  m_IsActive: 1
--- !u!4 &4167578266961857186
Transform:
  m_ObjectHideFlags: 0
  m_CorrespondingSourceObject: {fileID: 0}
  m_PrefabInstance: {fileID: 0}
  m_PrefabAsset: {fileID: 0}
  m_GameObject: {fileID: 4167578266961857187}
  m_LocalRotation: {x: -0.48540264, y: 0.14790988, z: 0.10438434, w: -0.8553425}
  m_LocalPosition: {x: -0.0019, y: -0.0068, z: 0.0276}
  m_LocalScale: {x: 1, y: 1, z: 1}
  m_ConstrainProportionsScale: 0
  m_Children: []
  m_Father: {fileID: 525417812438162563}
  m_RootOrder: 0
  m_LocalEulerAnglesHint: {x: 53.082, y: -36.153, z: 327.566}
--- !u!1 &4174479921228885626
GameObject:
  m_ObjectHideFlags: 0
  m_CorrespondingSourceObject: {fileID: 0}
  m_PrefabInstance: {fileID: 0}
  m_PrefabAsset: {fileID: 0}
  serializedVersion: 6
  m_Component:
  - component: {fileID: 4174479921228885627}
  - component: {fileID: 4174479921228885621}
  - component: {fileID: 4174479921228885620}
  m_Layer: 6
  m_Name: CallOnTriggerTool
  m_TagString: Scissors
  m_Icon: {fileID: 0}
  m_NavMeshLayer: 0
  m_StaticEditorFlags: 0
  m_IsActive: 1
--- !u!4 &4174479921228885627
Transform:
  m_ObjectHideFlags: 0
  m_CorrespondingSourceObject: {fileID: 0}
  m_PrefabInstance: {fileID: 0}
  m_PrefabAsset: {fileID: 0}
  m_GameObject: {fileID: 4174479921228885626}
  m_LocalRotation: {x: 0, y: 0, z: 0, w: 1}
  m_LocalPosition: {x: 0, y: 0, z: 0.0654}
  m_LocalScale: {x: 1, y: 1, z: 1}
  m_ConstrainProportionsScale: 0
  m_Children: []
  m_Father: {fileID: 525417812438162563}
  m_RootOrder: 3
  m_LocalEulerAnglesHint: {x: 0, y: 0, z: 0}
--- !u!114 &4174479921228885621
MonoBehaviour:
  m_ObjectHideFlags: 0
  m_CorrespondingSourceObject: {fileID: 0}
  m_PrefabInstance: {fileID: 0}
  m_PrefabAsset: {fileID: 0}
  m_GameObject: {fileID: 4174479921228885626}
  m_Enabled: 1
  m_EditorHideFlags: 0
  m_Script: {fileID: 11500000, guid: be964431a972cf14c8b880f2b63d7831, type: 3}
  m_Name: 
  m_EditorClassIdentifier: 
  ToolColliderNeeded: {fileID: 4174479921228885620}
  deactivateTimer: 0.5
--- !u!135 &4174479921228885620
SphereCollider:
  m_ObjectHideFlags: 0
  m_CorrespondingSourceObject: {fileID: 0}
  m_PrefabInstance: {fileID: 0}
  m_PrefabAsset: {fileID: 0}
  m_GameObject: {fileID: 4174479921228885626}
  m_Material: {fileID: 0}
  m_IsTrigger: 1
  m_Enabled: 0
  serializedVersion: 2
  m_Radius: 0.02
  m_Center: {x: 0, y: 0, z: 0}
--- !u!1 &4249260835140725985
GameObject:
  m_ObjectHideFlags: 0
  m_CorrespondingSourceObject: {fileID: 0}
  m_PrefabInstance: {fileID: 0}
  m_PrefabAsset: {fileID: 0}
  serializedVersion: 6
  m_Component:
  - component: {fileID: 5014870999028118217}
  m_Layer: 6
  m_Name: Right Attach Point
  m_TagString: Untagged
  m_Icon: {fileID: 0}
  m_NavMeshLayer: 0
  m_StaticEditorFlags: 0
  m_IsActive: 1
--- !u!4 &5014870999028118217
Transform:
  m_ObjectHideFlags: 0
  m_CorrespondingSourceObject: {fileID: 0}
  m_PrefabInstance: {fileID: 0}
  m_PrefabAsset: {fileID: 0}
  m_GameObject: {fileID: 4249260835140725985}
  m_LocalRotation: {x: -0.58992726, y: 0.07291381, z: 0.12761995, w: -0.79396635}
  m_LocalPosition: {x: -0.0022, y: -0.0012, z: 0.0253}
  m_LocalScale: {x: 1, y: 1, z: 1}
  m_ConstrainProportionsScale: 0
  m_Children: []
  m_Father: {fileID: 525417812438162563}
  m_RootOrder: 1
  m_LocalEulerAnglesHint: {x: 66.658, y: -42.24, z: 313.233}
--- !u!1001 &5443037435950388091
PrefabInstance:
  m_ObjectHideFlags: 0
  serializedVersion: 2
  m_Modification:
    m_TransformParent: {fileID: 525417812438162563}
    m_Modifications:
    - target: {fileID: 4853191258179393115, guid: 6d3f5ef4aa14f8047930ceec0e3d0357,
        type: 3}
      propertyPath: m_Name
      value: Tijeras
      objectReference: {fileID: 0}
    - target: {fileID: 5193265070110412001, guid: 6d3f5ef4aa14f8047930ceec0e3d0357,
        type: 3}
      propertyPath: m_RootOrder
      value: 2
      objectReference: {fileID: 0}
    - target: {fileID: 5193265070110412001, guid: 6d3f5ef4aa14f8047930ceec0e3d0357,
        type: 3}
      propertyPath: m_LocalScale.x
      value: 0.24999994
      objectReference: {fileID: 0}
    - target: {fileID: 5193265070110412001, guid: 6d3f5ef4aa14f8047930ceec0e3d0357,
        type: 3}
      propertyPath: m_LocalScale.y
      value: 0.25
      objectReference: {fileID: 0}
    - target: {fileID: 5193265070110412001, guid: 6d3f5ef4aa14f8047930ceec0e3d0357,
        type: 3}
      propertyPath: m_LocalScale.z
      value: 0.24999994
      objectReference: {fileID: 0}
    - target: {fileID: 5193265070110412001, guid: 6d3f5ef4aa14f8047930ceec0e3d0357,
        type: 3}
      propertyPath: m_LocalPosition.x
      value: 0
      objectReference: {fileID: 0}
    - target: {fileID: 5193265070110412001, guid: 6d3f5ef4aa14f8047930ceec0e3d0357,
        type: 3}
      propertyPath: m_LocalPosition.y
      value: 0
      objectReference: {fileID: 0}
    - target: {fileID: 5193265070110412001, guid: 6d3f5ef4aa14f8047930ceec0e3d0357,
        type: 3}
      propertyPath: m_LocalPosition.z
      value: 0
      objectReference: {fileID: 0}
    - target: {fileID: 5193265070110412001, guid: 6d3f5ef4aa14f8047930ceec0e3d0357,
        type: 3}
      propertyPath: m_LocalRotation.w
      value: 0.00022885203
      objectReference: {fileID: 0}
    - target: {fileID: 5193265070110412001, guid: 6d3f5ef4aa14f8047930ceec0e3d0357,
        type: 3}
      propertyPath: m_LocalRotation.x
      value: -0
      objectReference: {fileID: 0}
    - target: {fileID: 5193265070110412001, guid: 6d3f5ef4aa14f8047930ceec0e3d0357,
        type: 3}
      propertyPath: m_LocalRotation.y
      value: 1
      objectReference: {fileID: 0}
    - target: {fileID: 5193265070110412001, guid: 6d3f5ef4aa14f8047930ceec0e3d0357,
        type: 3}
      propertyPath: m_LocalRotation.z
      value: -0
      objectReference: {fileID: 0}
    - target: {fileID: 5193265070110412001, guid: 6d3f5ef4aa14f8047930ceec0e3d0357,
        type: 3}
      propertyPath: m_LocalEulerAnglesHint.x
      value: 0
      objectReference: {fileID: 0}
    - target: {fileID: 5193265070110412001, guid: 6d3f5ef4aa14f8047930ceec0e3d0357,
        type: 3}
      propertyPath: m_LocalEulerAnglesHint.y
      value: 0
      objectReference: {fileID: 0}
    - target: {fileID: 5193265070110412001, guid: 6d3f5ef4aa14f8047930ceec0e3d0357,
        type: 3}
      propertyPath: m_LocalEulerAnglesHint.z
      value: 0
      objectReference: {fileID: 0}
    - target: {fileID: 7165777619896537158, guid: 6d3f5ef4aa14f8047930ceec0e3d0357,
        type: 3}
      propertyPath: m_LocalRotation.w
      value: 1
      objectReference: {fileID: 0}
    - target: {fileID: 7165777619896537158, guid: 6d3f5ef4aa14f8047930ceec0e3d0357,
        type: 3}
      propertyPath: m_LocalRotation.x
      value: 0
      objectReference: {fileID: 0}
    - target: {fileID: 7165777619896537158, guid: 6d3f5ef4aa14f8047930ceec0e3d0357,
        type: 3}
      propertyPath: m_LocalRotation.y
      value: 0
      objectReference: {fileID: 0}
    - target: {fileID: 7165777619896537158, guid: 6d3f5ef4aa14f8047930ceec0e3d0357,
        type: 3}
      propertyPath: m_LocalRotation.z
      value: 0
      objectReference: {fileID: 0}
    - target: {fileID: 7165777619896537158, guid: 6d3f5ef4aa14f8047930ceec0e3d0357,
        type: 3}
      propertyPath: m_LocalEulerAnglesHint.y
      value: 0
      objectReference: {fileID: 0}
    m_RemovedComponents: []
  m_SourcePrefab: {fileID: 100100000, guid: 6d3f5ef4aa14f8047930ceec0e3d0357, type: 3}
--- !u!4 &259980234476609434 stripped
Transform:
  m_CorrespondingSourceObject: {fileID: 5193265070110412001, guid: 6d3f5ef4aa14f8047930ceec0e3d0357,
    type: 3}
  m_PrefabInstance: {fileID: 5443037435950388091}
  m_PrefabAsset: {fileID: 0}
