%YAML 1.1
%TAG !u! tag:unity3d.com,2011:
--- !u!1 &8239690132301224237
GameObject:
  m_ObjectHideFlags: 0
  m_CorrespondingSourceObject: {fileID: 0}
  m_PrefabInstance: {fileID: 0}
  m_PrefabAsset: {fileID: 0}
  serializedVersion: 6
  m_Component:
  - component: {fileID: 8239690132301224236}
  - component: {fileID: 4622849753962259668}
  m_Layer: 0
  m_Name: SocketsManager
  m_TagString: Untagged
  m_Icon: {fileID: 0}
  m_NavMeshLayer: 0
  m_StaticEditorFlags: 0
  m_IsActive: 1
--- !u!4 &8239690132301224236
Transform:
  m_ObjectHideFlags: 0
  m_CorrespondingSourceObject: {fileID: 0}
  m_PrefabInstance: {fileID: 0}
  m_PrefabAsset: {fileID: 0}
  m_GameObject: {fileID: 8239690132301224237}
  m_LocalRotation: {x: -0, y: 0.70710665, z: -0, w: 0.70710695}
  m_LocalPosition: {x: -6.5919995, y: 0.40499997, z: 2.3709998}
  m_LocalScale: {x: 1, y: 1, z: 1}
  m_ConstrainProportionsScale: 0
  m_Children:
  - {fileID: 8239690133077233514}
  - {fileID: 8239690133814772127}
  - {fileID: 8239690133746648065}
  - {fileID: 8239690134229400917}
  - {fileID: 8239690133433389903}
  - {fileID: 8239690133437375266}
  - {fileID: 8239690133514011171}
  - {fileID: 8239690133705322079}
  - {fileID: 8239690134262732257}
  m_Father: {fileID: 0}
  m_RootOrder: 0
  m_LocalEulerAnglesHint: {x: 0, y: 90, z: 0}
--- !u!114 &4622849753962259668
MonoBehaviour:
  m_ObjectHideFlags: 0
  m_CorrespondingSourceObject: {fileID: 0}
  m_PrefabInstance: {fileID: 0}
  m_PrefabAsset: {fileID: 0}
  m_GameObject: {fileID: 8239690132301224237}
  m_Enabled: 1
  m_EditorHideFlags: 0
  m_Script: {fileID: 11500000, guid: 2ddb7a76c8155df4eb6ebeb7a92a99ff, type: 3}
  m_Name: 
  m_EditorClassIdentifier: 
  objetos:
  - {fileID: 0}
  - {fileID: 0}
  - {fileID: 0}
  - {fileID: 0}
  - {fileID: 0}
  - {fileID: 0}
  - {fileID: 0}
  - {fileID: 0}
  - {fileID: 0}
  posiciones:
  - {fileID: 8239690133077233514}
  - {fileID: 8239690133814772127}
  - {fileID: 8239690133746648065}
  - {fileID: 8239690134229400917}
  - {fileID: 8239690133433389903}
  - {fileID: 8239690133437375266}
  - {fileID: 8239690133514011171}
  - {fileID: 8239690133705322079}
  - {fileID: 8239690134262732257}
--- !u!1 &8239690133077233515
GameObject:
  m_ObjectHideFlags: 0
  m_CorrespondingSourceObject: {fileID: 0}
  m_PrefabInstance: {fileID: 0}
  m_PrefabAsset: {fileID: 0}
  serializedVersion: 6
  m_Component:
  - component: {fileID: 8239690133077233514}
  - component: {fileID: 8239690133077233512}
  - component: {fileID: 8239690133077233513}
  m_Layer: 0
  m_Name: RegaderaSocketTag
  m_TagString: socket
  m_Icon: {fileID: 0}
  m_NavMeshLayer: 0
  m_StaticEditorFlags: 0
  m_IsActive: 1
--- !u!4 &8239690133077233514
Transform:
  m_ObjectHideFlags: 0
  m_CorrespondingSourceObject: {fileID: 0}
  m_PrefabInstance: {fileID: 0}
  m_PrefabAsset: {fileID: 0}
  m_GameObject: {fileID: 8239690133077233515}
  m_LocalRotation: {x: 0, y: -1, z: 0, w: 0}
  m_LocalPosition: {x: 0.305, y: -0.125, z: -0.399}
  m_LocalScale: {x: 1, y: 1, z: 1}
  m_ConstrainProportionsScale: 0
  m_Children: []
  m_Father: {fileID: 8239690132301224236}
  m_RootOrder: 0
  m_LocalEulerAnglesHint: {x: 0, y: -180, z: 0}
--- !u!135 &8239690133077233512
SphereCollider:
  m_ObjectHideFlags: 0
  m_CorrespondingSourceObject: {fileID: 0}
  m_PrefabInstance: {fileID: 0}
  m_PrefabAsset: {fileID: 0}
  m_GameObject: {fileID: 8239690133077233515}
  m_Material: {fileID: 0}
  m_IsTrigger: 1
  m_Enabled: 1
  serializedVersion: 2
  m_Radius: 0.19
  m_Center: {x: 0, y: 0, z: 0}
--- !u!114 &8239690133077233513
MonoBehaviour:
  m_ObjectHideFlags: 0
  m_CorrespondingSourceObject: {fileID: 0}
  m_PrefabInstance: {fileID: 0}
  m_PrefabAsset: {fileID: 0}
  m_GameObject: {fileID: 8239690133077233515}
  m_Enabled: 1
  m_EditorHideFlags: 0
  m_Script: {fileID: 11500000, guid: a8aa6924a66cba14bb4450dba7f04ec7, type: 3}
  m_Name: 
  m_EditorClassIdentifier: 
  m_InteractionManager: {fileID: 0}
  m_InteractionLayerMask:
    serializedVersion: 2
    m_Bits: 4294967295
  m_InteractionLayers:
    m_Bits: 4294967295
  m_AttachTransform: {fileID: 8239690133077233514}
  m_KeepSelectedTargetValid: 1
  m_StartingSelectedInteractable: {fileID: 0}
  m_StartingTargetFilter: {fileID: 0}
  m_HoverEntered:
    m_PersistentCalls:
      m_Calls: []
  m_HoverExited:
    m_PersistentCalls:
      m_Calls: []
  m_SelectEntered:
    m_PersistentCalls:
      m_Calls: []
  m_SelectExited:
    m_PersistentCalls:
      m_Calls: []
  m_OnHoverEntered:
    m_PersistentCalls:
      m_Calls: []
  m_OnHoverExited:
    m_PersistentCalls:
      m_Calls: []
  m_OnSelectEntered:
    m_PersistentCalls:
      m_Calls: []
  m_OnSelectExited:
    m_PersistentCalls:
      m_Calls: []
  m_ShowInteractableHoverMeshes: 1
  m_InteractableHoverMeshMaterial: {fileID: 2100000, guid: 6e71a5973aa9dfe45b5cc121f192ab22,
    type: 2}
  m_InteractableCantHoverMeshMaterial: {fileID: 0}
  m_SocketActive: 1
  m_InteractableHoverScale: 1
  m_RecycleDelayTime: 1
  targetTags:
  - RegaderaSocket
--- !u!1 &8239690133433389896
GameObject:
  m_ObjectHideFlags: 0
  m_CorrespondingSourceObject: {fileID: 0}
  m_PrefabInstance: {fileID: 0}
  m_PrefabAsset: {fileID: 0}
  serializedVersion: 6
  m_Component:
  - component: {fileID: 8239690133433389903}
  - component: {fileID: 8239690133433389901}
  - component: {fileID: 8239690133433389902}
  m_Layer: 6
  m_Name: GusanosSocketTag
  m_TagString: socket
  m_Icon: {fileID: 0}
  m_NavMeshLayer: 0
  m_StaticEditorFlags: 0
  m_IsActive: 1
--- !u!4 &8239690133433389903
Transform:
  m_ObjectHideFlags: 0
  m_CorrespondingSourceObject: {fileID: 0}
  m_PrefabInstance: {fileID: 0}
  m_PrefabAsset: {fileID: 0}
  m_GameObject: {fileID: 8239690133433389896}
  m_LocalRotation: {x: -0.18301266, y: -0.6830127, z: -0.18301266, w: 0.6830127}
  m_LocalPosition: {x: -0.24900007, y: 0.54, z: -0.3}
  m_LocalScale: {x: 1, y: 1, z: 1}
  m_ConstrainProportionsScale: 0
  m_Children: []
  m_Father: {fileID: 8239690132301224236}
  m_RootOrder: 4
  m_LocalEulerAnglesHint: {x: -30, y: -90, z: 0}
--- !u!135 &8239690133433389901
SphereCollider:
  m_ObjectHideFlags: 0
  m_CorrespondingSourceObject: {fileID: 0}
  m_PrefabInstance: {fileID: 0}
  m_PrefabAsset: {fileID: 0}
  m_GameObject: {fileID: 8239690133433389896}
  m_Material: {fileID: 0}
  m_IsTrigger: 1
  m_Enabled: 1
  serializedVersion: 2
  m_Radius: 0.19
  m_Center: {x: 0, y: 0, z: 0}
--- !u!114 &8239690133433389902
MonoBehaviour:
  m_ObjectHideFlags: 0
  m_CorrespondingSourceObject: {fileID: 0}
  m_PrefabInstance: {fileID: 0}
  m_PrefabAsset: {fileID: 0}
  m_GameObject: {fileID: 8239690133433389896}
  m_Enabled: 1
  m_EditorHideFlags: 0
  m_Script: {fileID: 11500000, guid: a8aa6924a66cba14bb4450dba7f04ec7, type: 3}
  m_Name: 
  m_EditorClassIdentifier: 
  m_InteractionManager: {fileID: 0}
  m_InteractionLayerMask:
    serializedVersion: 2
    m_Bits: 4294967295
  m_InteractionLayers:
    m_Bits: 4294967295
  m_AttachTransform: {fileID: 8239690133433389903}
  m_KeepSelectedTargetValid: 1
  m_StartingSelectedInteractable: {fileID: 0}
  m_StartingTargetFilter: {fileID: 0}
  m_HoverEntered:
    m_PersistentCalls:
      m_Calls: []
  m_HoverExited:
    m_PersistentCalls:
      m_Calls: []
  m_SelectEntered:
    m_PersistentCalls:
      m_Calls: []
  m_SelectExited:
    m_PersistentCalls:
      m_Calls: []
  m_OnHoverEntered:
    m_PersistentCalls:
      m_Calls: []
  m_OnHoverExited:
    m_PersistentCalls:
      m_Calls: []
  m_OnSelectEntered:
    m_PersistentCalls:
      m_Calls: []
  m_OnSelectExited:
    m_PersistentCalls:
      m_Calls: []
  m_ShowInteractableHoverMeshes: 1
  m_InteractableHoverMeshMaterial: {fileID: 2100000, guid: 6e71a5973aa9dfe45b5cc121f192ab22,
    type: 2}
  m_InteractableCantHoverMeshMaterial: {fileID: 0}
  m_SocketActive: 1
  m_InteractableHoverScale: 1
  m_RecycleDelayTime: 1
  targetTags:
  - Plaga3
--- !u!1 &8239690133437375267
GameObject:
  m_ObjectHideFlags: 0
  m_CorrespondingSourceObject: {fileID: 0}
  m_PrefabInstance: {fileID: 0}
  m_PrefabAsset: {fileID: 0}
  serializedVersion: 6
  m_Component:
  - component: {fileID: 8239690133437375266}
  - component: {fileID: 8239690133437375264}
  - component: {fileID: 8239690133437375265}
  m_Layer: 6
  m_Name: MoscasSocketTag
  m_TagString: socket
  m_Icon: {fileID: 0}
  m_NavMeshLayer: 0
  m_StaticEditorFlags: 0
  m_IsActive: 1
--- !u!4 &8239690133437375266
Transform:
  m_ObjectHideFlags: 0
  m_CorrespondingSourceObject: {fileID: 0}
  m_PrefabInstance: {fileID: 0}
  m_PrefabAsset: {fileID: 0}
  m_GameObject: {fileID: 8239690133437375267}
  m_LocalRotation: {x: -0.18301266, y: -0.6830127, z: -0.18301266, w: 0.6830127}
  m_LocalPosition: {x: -0.074, y: 0.54, z: -0.3}
  m_LocalScale: {x: 1, y: 1, z: 1}
  m_ConstrainProportionsScale: 0
  m_Children: []
  m_Father: {fileID: 8239690132301224236}
  m_RootOrder: 5
  m_LocalEulerAnglesHint: {x: -30, y: -90, z: 0}
--- !u!135 &8239690133437375264
SphereCollider:
  m_ObjectHideFlags: 0
  m_CorrespondingSourceObject: {fileID: 0}
  m_PrefabInstance: {fileID: 0}
  m_PrefabAsset: {fileID: 0}
  m_GameObject: {fileID: 8239690133437375267}
  m_Material: {fileID: 0}
  m_IsTrigger: 1
  m_Enabled: 1
  serializedVersion: 2
  m_Radius: 0.19
  m_Center: {x: 0, y: 0, z: 0}
--- !u!114 &8239690133437375265
MonoBehaviour:
  m_ObjectHideFlags: 0
  m_CorrespondingSourceObject: {fileID: 0}
  m_PrefabInstance: {fileID: 0}
  m_PrefabAsset: {fileID: 0}
  m_GameObject: {fileID: 8239690133437375267}
  m_Enabled: 1
  m_EditorHideFlags: 0
  m_Script: {fileID: 11500000, guid: a8aa6924a66cba14bb4450dba7f04ec7, type: 3}
  m_Name: 
  m_EditorClassIdentifier: 
  m_InteractionManager: {fileID: 0}
  m_InteractionLayerMask:
    serializedVersion: 2
    m_Bits: 4294967295
  m_InteractionLayers:
    m_Bits: 4294967295
  m_AttachTransform: {fileID: 8239690133437375266}
  m_KeepSelectedTargetValid: 1
  m_StartingSelectedInteractable: {fileID: 0}
  m_StartingTargetFilter: {fileID: 0}
  m_HoverEntered:
    m_PersistentCalls:
      m_Calls: []
  m_HoverExited:
    m_PersistentCalls:
      m_Calls: []
  m_SelectEntered:
    m_PersistentCalls:
      m_Calls: []
  m_SelectExited:
    m_PersistentCalls:
      m_Calls: []
  m_OnHoverEntered:
    m_PersistentCalls:
      m_Calls: []
  m_OnHoverExited:
    m_PersistentCalls:
      m_Calls: []
  m_OnSelectEntered:
    m_PersistentCalls:
      m_Calls: []
  m_OnSelectExited:
    m_PersistentCalls:
      m_Calls: []
  m_ShowInteractableHoverMeshes: 1
  m_InteractableHoverMeshMaterial: {fileID: 2100000, guid: 6e71a5973aa9dfe45b5cc121f192ab22,
    type: 2}
  m_InteractableCantHoverMeshMaterial: {fileID: 0}
  m_SocketActive: 1
  m_InteractableHoverScale: 1
  m_RecycleDelayTime: 1
  targetTags:
  - Plaga2
--- !u!1 &8239690133514011196
GameObject:
  m_ObjectHideFlags: 0
  m_CorrespondingSourceObject: {fileID: 0}
  m_PrefabInstance: {fileID: 0}
  m_PrefabAsset: {fileID: 0}
  serializedVersion: 6
  m_Component:
  - component: {fileID: 8239690133514011171}
  - component: {fileID: 8239690133514011169}
  - component: {fileID: 8239690133514011170}
  m_Layer: 6
  m_Name: EnciclopediaSocketTag
  m_TagString: socket
  m_Icon: {fileID: 0}
  m_NavMeshLayer: 0
  m_StaticEditorFlags: 0
  m_IsActive: 1
--- !u!4 &8239690133514011171
Transform:
  m_ObjectHideFlags: 0
  m_CorrespondingSourceObject: {fileID: 0}
  m_PrefabInstance: {fileID: 0}
  m_PrefabAsset: {fileID: 0}
  m_GameObject: {fileID: 8239690133514011196}
  m_LocalRotation: {x: 0, y: 0, z: 0, w: 1}
  m_LocalPosition: {x: 0.039, y: 0.103, z: -0.42}
  m_LocalScale: {x: 1, y: 1, z: 1}
  m_ConstrainProportionsScale: 0
  m_Children: []
  m_Father: {fileID: 8239690132301224236}
  m_RootOrder: 6
  m_LocalEulerAnglesHint: {x: 0, y: 0, z: 0}
--- !u!135 &8239690133514011169
SphereCollider:
  m_ObjectHideFlags: 0
  m_CorrespondingSourceObject: {fileID: 0}
  m_PrefabInstance: {fileID: 0}
  m_PrefabAsset: {fileID: 0}
  m_GameObject: {fileID: 8239690133514011196}
  m_Material: {fileID: 0}
  m_IsTrigger: 1
  m_Enabled: 1
  serializedVersion: 2
  m_Radius: 0.19
  m_Center: {x: 0, y: 0, z: 0}
--- !u!114 &8239690133514011170
MonoBehaviour:
  m_ObjectHideFlags: 0
  m_CorrespondingSourceObject: {fileID: 0}
  m_PrefabInstance: {fileID: 0}
  m_PrefabAsset: {fileID: 0}
  m_GameObject: {fileID: 8239690133514011196}
  m_Enabled: 1
  m_EditorHideFlags: 0
  m_Script: {fileID: 11500000, guid: a8aa6924a66cba14bb4450dba7f04ec7, type: 3}
  m_Name: 
  m_EditorClassIdentifier: 
  m_InteractionManager: {fileID: 0}
  m_InteractionLayerMask:
    serializedVersion: 2
    m_Bits: 4294967295
  m_InteractionLayers:
    m_Bits: 4294967295
  m_AttachTransform: {fileID: 8239690133514011171}
  m_KeepSelectedTargetValid: 1
  m_StartingSelectedInteractable: {fileID: 0}
  m_StartingTargetFilter: {fileID: 0}
  m_HoverEntered:
    m_PersistentCalls:
      m_Calls: []
  m_HoverExited:
    m_PersistentCalls:
      m_Calls: []
  m_SelectEntered:
    m_PersistentCalls:
      m_Calls: []
  m_SelectExited:
    m_PersistentCalls:
      m_Calls: []
  m_OnHoverEntered:
    m_PersistentCalls:
      m_Calls: []
  m_OnHoverExited:
    m_PersistentCalls:
      m_Calls: []
  m_OnSelectEntered:
    m_PersistentCalls:
      m_Calls: []
  m_OnSelectExited:
    m_PersistentCalls:
      m_Calls: []
  m_ShowInteractableHoverMeshes: 1
  m_InteractableHoverMeshMaterial: {fileID: 2100000, guid: 6e71a5973aa9dfe45b5cc121f192ab22,
    type: 2}
  m_InteractableCantHoverMeshMaterial: {fileID: 0}
  m_SocketActive: 1
  m_InteractableHoverScale: 1
  m_RecycleDelayTime: 1
  targetTags:
  - WikiSocket
--- !u!1 &8239690133705322072
GameObject:
  m_ObjectHideFlags: 0
  m_CorrespondingSourceObject: {fileID: 0}
  m_PrefabInstance: {fileID: 0}
  m_PrefabAsset: {fileID: 0}
  serializedVersion: 6
  m_Component:
  - component: {fileID: 8239690133705322079}
  - component: {fileID: 8239690133705322077}
  - component: {fileID: 8239690133705322078}
  m_Layer: 6
  m_Name: DiarioSocketTag
  m_TagString: socket
  m_Icon: {fileID: 0}
  m_NavMeshLayer: 0
  m_StaticEditorFlags: 0
  m_IsActive: 1
--- !u!4 &8239690133705322079
Transform:
  m_ObjectHideFlags: 0
  m_CorrespondingSourceObject: {fileID: 0}
  m_PrefabInstance: {fileID: 0}
  m_PrefabAsset: {fileID: 0}
  m_GameObject: {fileID: 8239690133705322072}
  m_LocalRotation: {x: 0, y: 0, z: 0, w: 1}
  m_LocalPosition: {x: -0.08931279, y: 0.11399996, z: -0.40302134}
  m_LocalScale: {x: 1, y: 1, z: 1}
  m_ConstrainProportionsScale: 1
  m_Children: []
  m_Father: {fileID: 8239690132301224236}
  m_RootOrder: 7
  m_LocalEulerAnglesHint: {x: 0, y: 0, z: 0}
--- !u!135 &8239690133705322077
SphereCollider:
  m_ObjectHideFlags: 0
  m_CorrespondingSourceObject: {fileID: 0}
  m_PrefabInstance: {fileID: 0}
  m_PrefabAsset: {fileID: 0}
  m_GameObject: {fileID: 8239690133705322072}
  m_Material: {fileID: 0}
  m_IsTrigger: 1
  m_Enabled: 1
  serializedVersion: 2
  m_Radius: 0.19
  m_Center: {x: 0, y: 0, z: 0}
--- !u!114 &8239690133705322078
MonoBehaviour:
  m_ObjectHideFlags: 0
  m_CorrespondingSourceObject: {fileID: 0}
  m_PrefabInstance: {fileID: 0}
  m_PrefabAsset: {fileID: 0}
  m_GameObject: {fileID: 8239690133705322072}
  m_Enabled: 1
  m_EditorHideFlags: 0
  m_Script: {fileID: 11500000, guid: a8aa6924a66cba14bb4450dba7f04ec7, type: 3}
  m_Name: 
  m_EditorClassIdentifier: 
  m_InteractionManager: {fileID: 0}
  m_InteractionLayerMask:
    serializedVersion: 2
    m_Bits: 4294967295
  m_InteractionLayers:
    m_Bits: 4294967295
  m_AttachTransform: {fileID: 8239690133705322079}
  m_KeepSelectedTargetValid: 1
  m_StartingSelectedInteractable: {fileID: 0}
  m_StartingTargetFilter: {fileID: 0}
  m_HoverEntered:
    m_PersistentCalls:
      m_Calls: []
  m_HoverExited:
    m_PersistentCalls:
      m_Calls: []
  m_SelectEntered:
    m_PersistentCalls:
      m_Calls: []
  m_SelectExited:
    m_PersistentCalls:
      m_Calls: []
  m_OnHoverEntered:
    m_PersistentCalls:
      m_Calls: []
  m_OnHoverExited:
    m_PersistentCalls:
      m_Calls: []
  m_OnSelectEntered:
    m_PersistentCalls:
      m_Calls: []
  m_OnSelectExited:
    m_PersistentCalls:
      m_Calls: []
  m_ShowInteractableHoverMeshes: 1
  m_InteractableHoverMeshMaterial: {fileID: 2100000, guid: 6e71a5973aa9dfe45b5cc121f192ab22,
    type: 2}
  m_InteractableCantHoverMeshMaterial: {fileID: 0}
  m_SocketActive: 1
  m_InteractableHoverScale: 1
  m_RecycleDelayTime: 1
  targetTags:
  - DiarioSocket
--- !u!1 &8239690133746648066
GameObject:
  m_ObjectHideFlags: 0
  m_CorrespondingSourceObject: {fileID: 0}
  m_PrefabInstance: {fileID: 0}
  m_PrefabAsset: {fileID: 0}
  serializedVersion: 6
  m_Component:
  - component: {fileID: 8239690133746648065}
  - component: {fileID: 8239690133746648071}
  - component: {fileID: 8239690133746648064}
  m_Layer: 6
  m_Name: HumidificadorSocketTag
  m_TagString: socket
  m_Icon: {fileID: 0}
  m_NavMeshLayer: 0
  m_StaticEditorFlags: 0
  m_IsActive: 1
--- !u!4 &8239690133746648065
Transform:
  m_ObjectHideFlags: 0
  m_CorrespondingSourceObject: {fileID: 0}
  m_PrefabInstance: {fileID: 0}
  m_PrefabAsset: {fileID: 0}
  m_GameObject: {fileID: 8239690133746648066}
  m_LocalRotation: {x: -0.18301266, y: -0.6830127, z: -0.18301266, w: 0.6830127}
  m_LocalPosition: {x: 0.304, y: 0.54, z: -0.3}
  m_LocalScale: {x: 1, y: 1, z: 1}
  m_ConstrainProportionsScale: 0
  m_Children: []
  m_Father: {fileID: 8239690132301224236}
  m_RootOrder: 2
  m_LocalEulerAnglesHint: {x: -30, y: -90, z: 0}
--- !u!135 &8239690133746648071
SphereCollider:
  m_ObjectHideFlags: 0
  m_CorrespondingSourceObject: {fileID: 0}
  m_PrefabInstance: {fileID: 0}
  m_PrefabAsset: {fileID: 0}
  m_GameObject: {fileID: 8239690133746648066}
  m_Material: {fileID: 0}
  m_IsTrigger: 1
  m_Enabled: 1
  serializedVersion: 2
  m_Radius: 0.19
  m_Center: {x: 0, y: 0, z: 0}
--- !u!114 &8239690133746648064
MonoBehaviour:
  m_ObjectHideFlags: 0
  m_CorrespondingSourceObject: {fileID: 0}
  m_PrefabInstance: {fileID: 0}
  m_PrefabAsset: {fileID: 0}
  m_GameObject: {fileID: 8239690133746648066}
  m_Enabled: 1
  m_EditorHideFlags: 0
  m_Script: {fileID: 11500000, guid: a8aa6924a66cba14bb4450dba7f04ec7, type: 3}
  m_Name: 
  m_EditorClassIdentifier: 
  m_InteractionManager: {fileID: 0}
  m_InteractionLayerMask:
    serializedVersion: 2
    m_Bits: 4294967295
  m_InteractionLayers:
    m_Bits: 4294967295
  m_AttachTransform: {fileID: 8239690133746648065}
  m_KeepSelectedTargetValid: 1
  m_StartingSelectedInteractable: {fileID: 0}
  m_StartingTargetFilter: {fileID: 0}
  m_HoverEntered:
    m_PersistentCalls:
      m_Calls: []
  m_HoverExited:
    m_PersistentCalls:
      m_Calls: []
  m_SelectEntered:
    m_PersistentCalls:
      m_Calls: []
  m_SelectExited:
    m_PersistentCalls:
      m_Calls: []
  m_OnHoverEntered:
    m_PersistentCalls:
      m_Calls: []
  m_OnHoverExited:
    m_PersistentCalls:
      m_Calls: []
  m_OnSelectEntered:
    m_PersistentCalls:
      m_Calls: []
  m_OnSelectExited:
    m_PersistentCalls:
      m_Calls: []
  m_ShowInteractableHoverMeshes: 1
  m_InteractableHoverMeshMaterial: {fileID: 2100000, guid: 6e71a5973aa9dfe45b5cc121f192ab22,
    type: 2}
  m_InteractableCantHoverMeshMaterial: {fileID: 0}
  m_SocketActive: 1
  m_InteractableHoverScale: 1
  m_RecycleDelayTime: 1
  targetTags:
  - HumidificadorSocket
--- !u!1 &8239690133814772120
GameObject:
  m_ObjectHideFlags: 0
  m_CorrespondingSourceObject: {fileID: 0}
  m_PrefabInstance: {fileID: 0}
  m_PrefabAsset: {fileID: 0}
  serializedVersion: 6
  m_Component:
  - component: {fileID: 8239690133814772127}
  - component: {fileID: 8239690133814772125}
  - component: {fileID: 8239690133814772126}
  m_Layer: 6
  m_Name: ScissorsSocketTag
  m_TagString: socket
  m_Icon: {fileID: 0}
  m_NavMeshLayer: 0
  m_StaticEditorFlags: 0
  m_IsActive: 1
--- !u!4 &8239690133814772127
Transform:
  m_ObjectHideFlags: 0
  m_CorrespondingSourceObject: {fileID: 0}
  m_PrefabInstance: {fileID: 0}
  m_PrefabAsset: {fileID: 0}
  m_GameObject: {fileID: 8239690133814772120}
  m_LocalRotation: {x: -0.7071068, y: 0, z: 0, w: 0.7071068}
  m_LocalPosition: {x: 0.545, y: 0.36, z: -0.3}
  m_LocalScale: {x: 1, y: 1, z: 1}
  m_ConstrainProportionsScale: 0
  m_Children: []
  m_Father: {fileID: 8239690132301224236}
  m_RootOrder: 1
  m_LocalEulerAnglesHint: {x: -90, y: 180, z: -180}
--- !u!135 &8239690133814772125
SphereCollider:
  m_ObjectHideFlags: 0
  m_CorrespondingSourceObject: {fileID: 0}
  m_PrefabInstance: {fileID: 0}
  m_PrefabAsset: {fileID: 0}
  m_GameObject: {fileID: 8239690133814772120}
  m_Material: {fileID: 0}
  m_IsTrigger: 1
  m_Enabled: 1
  serializedVersion: 2
  m_Radius: 0.19
  m_Center: {x: 0, y: 0, z: 0}
--- !u!114 &8239690133814772126
MonoBehaviour:
  m_ObjectHideFlags: 0
  m_CorrespondingSourceObject: {fileID: 0}
  m_PrefabInstance: {fileID: 0}
  m_PrefabAsset: {fileID: 0}
  m_GameObject: {fileID: 8239690133814772120}
  m_Enabled: 1
  m_EditorHideFlags: 0
  m_Script: {fileID: 11500000, guid: a8aa6924a66cba14bb4450dba7f04ec7, type: 3}
  m_Name: 
  m_EditorClassIdentifier: 
  m_InteractionManager: {fileID: 0}
  m_InteractionLayerMask:
    serializedVersion: 2
    m_Bits: 4294967295
  m_InteractionLayers:
    m_Bits: 4294967295
  m_AttachTransform: {fileID: 8239690133814772127}
  m_KeepSelectedTargetValid: 1
  m_StartingSelectedInteractable: {fileID: 0}
  m_StartingTargetFilter: {fileID: 0}
  m_HoverEntered:
    m_PersistentCalls:
      m_Calls: []
  m_HoverExited:
    m_PersistentCalls:
      m_Calls: []
  m_SelectEntered:
    m_PersistentCalls:
      m_Calls: []
  m_SelectExited:
    m_PersistentCalls:
      m_Calls: []
  m_OnHoverEntered:
    m_PersistentCalls:
      m_Calls: []
  m_OnHoverExited:
    m_PersistentCalls:
      m_Calls: []
  m_OnSelectEntered:
    m_PersistentCalls:
      m_Calls: []
  m_OnSelectExited:
    m_PersistentCalls:
      m_Calls: []
  m_ShowInteractableHoverMeshes: 1
  m_InteractableHoverMeshMaterial: {fileID: 2100000, guid: 6e71a5973aa9dfe45b5cc121f192ab22,
    type: 2}
  m_InteractableCantHoverMeshMaterial: {fileID: 0}
  m_SocketActive: 1
  m_InteractableHoverScale: 1
  m_RecycleDelayTime: 1
  targetTags:
  - TijerasSocket
--- !u!1 &8239690134229400918
GameObject:
  m_ObjectHideFlags: 0
  m_CorrespondingSourceObject: {fileID: 0}
  m_PrefabInstance: {fileID: 0}
  m_PrefabAsset: {fileID: 0}
  serializedVersion: 6
  m_Component:
  - component: {fileID: 8239690134229400917}
  - component: {fileID: 8239690134229400923}
  - component: {fileID: 8239690134229400916}
  m_Layer: 6
  m_Name: AraniasSocketTag
  m_TagString: socket
  m_Icon: {fileID: 0}
  m_NavMeshLayer: 0
  m_StaticEditorFlags: 0
  m_IsActive: 1
--- !u!4 &8239690134229400917
Transform:
  m_ObjectHideFlags: 0
  m_CorrespondingSourceObject: {fileID: 0}
  m_PrefabInstance: {fileID: 0}
  m_PrefabAsset: {fileID: 0}
  m_GameObject: {fileID: 8239690134229400918}
  m_LocalRotation: {x: -0.18301266, y: -0.6830127, z: -0.18301266, w: 0.6830127}
  m_LocalPosition: {x: 0.11899996, y: 0.54, z: -0.3}
  m_LocalScale: {x: 1, y: 1, z: 1}
  m_ConstrainProportionsScale: 0
  m_Children: []
  m_Father: {fileID: 8239690132301224236}
  m_RootOrder: 3
  m_LocalEulerAnglesHint: {x: -30, y: -90, z: 0}
--- !u!135 &8239690134229400923
SphereCollider:
  m_ObjectHideFlags: 0
  m_CorrespondingSourceObject: {fileID: 0}
  m_PrefabInstance: {fileID: 0}
  m_PrefabAsset: {fileID: 0}
  m_GameObject: {fileID: 8239690134229400918}
  m_Material: {fileID: 0}
  m_IsTrigger: 1
  m_Enabled: 1
  serializedVersion: 2
  m_Radius: 0.19
  m_Center: {x: 0, y: 0, z: 0}
--- !u!114 &8239690134229400916
MonoBehaviour:
  m_ObjectHideFlags: 0
  m_CorrespondingSourceObject: {fileID: 0}
  m_PrefabInstance: {fileID: 0}
  m_PrefabAsset: {fileID: 0}
  m_GameObject: {fileID: 8239690134229400918}
  m_Enabled: 1
  m_EditorHideFlags: 0
  m_Script: {fileID: 11500000, guid: a8aa6924a66cba14bb4450dba7f04ec7, type: 3}
  m_Name: 
  m_EditorClassIdentifier: 
  m_InteractionManager: {fileID: 0}
  m_InteractionLayerMask:
    serializedVersion: 2
    m_Bits: 4294967295
  m_InteractionLayers:
    m_Bits: 4294967295
  m_AttachTransform: {fileID: 8239690134229400917}
  m_KeepSelectedTargetValid: 1
  m_StartingSelectedInteractable: {fileID: 0}
  m_StartingTargetFilter: {fileID: 0}
  m_HoverEntered:
    m_PersistentCalls:
      m_Calls: []
  m_HoverExited:
    m_PersistentCalls:
      m_Calls: []
  m_SelectEntered:
    m_PersistentCalls:
      m_Calls: []
  m_SelectExited:
    m_PersistentCalls:
      m_Calls: []
  m_OnHoverEntered:
    m_PersistentCalls:
      m_Calls: []
  m_OnHoverExited:
    m_PersistentCalls:
      m_Calls: []
  m_OnSelectEntered:
    m_PersistentCalls:
      m_Calls: []
  m_OnSelectExited:
    m_PersistentCalls:
      m_Calls: []
  m_ShowInteractableHoverMeshes: 1
  m_InteractableHoverMeshMaterial: {fileID: 2100000, guid: 6e71a5973aa9dfe45b5cc121f192ab22,
    type: 2}
  m_InteractableCantHoverMeshMaterial: {fileID: 0}
  m_SocketActive: 1
  m_InteractableHoverScale: 1
  m_RecycleDelayTime: 1
  targetTags:
  - Plaga1
--- !u!1 &8239690134262732258
GameObject:
  m_ObjectHideFlags: 0
  m_CorrespondingSourceObject: {fileID: 0}
  m_PrefabInstance: {fileID: 0}
  m_PrefabAsset: {fileID: 0}
  serializedVersion: 6
  m_Component:
  - component: {fileID: 8239690134262732257}
  - component: {fileID: 8239690134262732263}
  - component: {fileID: 8239690134262732256}
  m_Layer: 6
  m_Name: CatalogoSocketTag
  m_TagString: socket
  m_Icon: {fileID: 0}
  m_NavMeshLayer: 0
  m_StaticEditorFlags: 0
  m_IsActive: 1
--- !u!4 &8239690134262732257
Transform:
  m_ObjectHideFlags: 0
  m_CorrespondingSourceObject: {fileID: 0}
  m_PrefabInstance: {fileID: 0}
  m_PrefabAsset: {fileID: 0}
  m_GameObject: {fileID: 8239690134262732258}
  m_LocalRotation: {x: 0, y: 0, z: 0, w: 1}
  m_LocalPosition: {x: -0.18000007, y: 0.102999985, z: -0.4150002}
  m_LocalScale: {x: 1, y: 1, z: 1}
  m_ConstrainProportionsScale: 0
  m_Children: []
  m_Father: {fileID: 8239690132301224236}
  m_RootOrder: 8
  m_LocalEulerAnglesHint: {x: 0, y: 0, z: 0}
--- !u!135 &8239690134262732263
SphereCollider:
  m_ObjectHideFlags: 0
  m_CorrespondingSourceObject: {fileID: 0}
  m_PrefabInstance: {fileID: 0}
  m_PrefabAsset: {fileID: 0}
  m_GameObject: {fileID: 8239690134262732258}
  m_Material: {fileID: 0}
  m_IsTrigger: 1
  m_Enabled: 1
  serializedVersion: 2
  m_Radius: 0.19
  m_Center: {x: 0, y: 0, z: 0}
--- !u!114 &8239690134262732256
MonoBehaviour:
  m_ObjectHideFlags: 0
  m_CorrespondingSourceObject: {fileID: 0}
  m_PrefabInstance: {fileID: 0}
  m_PrefabAsset: {fileID: 0}
  m_GameObject: {fileID: 8239690134262732258}
  m_Enabled: 1
  m_EditorHideFlags: 0
  m_Script: {fileID: 11500000, guid: a8aa6924a66cba14bb4450dba7f04ec7, type: 3}
  m_Name: 
  m_EditorClassIdentifier: 
  m_InteractionManager: {fileID: 0}
  m_InteractionLayerMask:
    serializedVersion: 2
    m_Bits: 4294967295
  m_InteractionLayers:
    m_Bits: 4294967295
  m_AttachTransform: {fileID: 8239690134262732257}
  m_KeepSelectedTargetValid: 1
  m_StartingSelectedInteractable: {fileID: 0}
  m_StartingTargetFilter: {fileID: 0}
  m_HoverEntered:
    m_PersistentCalls:
      m_Calls: []
  m_HoverExited:
    m_PersistentCalls:
      m_Calls: []
  m_SelectEntered:
    m_PersistentCalls:
      m_Calls: []
  m_SelectExited:
    m_PersistentCalls:
      m_Calls: []
  m_OnHoverEntered:
    m_PersistentCalls:
      m_Calls: []
  m_OnHoverExited:
    m_PersistentCalls:
      m_Calls: []
  m_OnSelectEntered:
    m_PersistentCalls:
      m_Calls: []
  m_OnSelectExited:
    m_PersistentCalls:
      m_Calls: []
  m_ShowInteractableHoverMeshes: 1
  m_InteractableHoverMeshMaterial: {fileID: 2100000, guid: 6e71a5973aa9dfe45b5cc121f192ab22,
    type: 2}
  m_InteractableCantHoverMeshMaterial: {fileID: 0}
  m_SocketActive: 1
  m_InteractableHoverScale: 1
  m_RecycleDelayTime: 1
  targetTags:
  - CatalogoSocket
