%YAML 1.1
%TAG !u! tag:unity3d.com,2011:
--- !u!1 &394652702227230055
GameObject:
  m_ObjectHideFlags: 0
  m_CorrespondingSourceObject: {fileID: 0}
  m_PrefabInstance: {fileID: 0}
  m_PrefabAsset: {fileID: 0}
  serializedVersion: 6
  m_Component:
  - component: {fileID: 5057704663107407631}
  - component: {fileID: 7474806171245070183}
  - component: {fileID: 3528271491254392064}
  m_Layer: 0
  m_Name: D_Big_Corona
  m_TagString: Untagged
  m_Icon: {fileID: 0}
  m_NavMeshLayer: 0
  m_StaticEditorFlags: 0
  m_IsActive: 1
--- !u!4 &5057704663107407631
Transform:
  m_ObjectHideFlags: 0
  m_CorrespondingSourceObject: {fileID: 0}
  m_PrefabInstance: {fileID: 0}
  m_PrefabAsset: {fileID: 0}
  m_GameObject: {fileID: 394652702227230055}
  m_LocalRotation: {x: -0, y: -0, z: -0, w: 1}
  m_LocalPosition: {x: 0, y: -0, z: 0}
  m_LocalScale: {x: 1, y: 1, z: 1}
  m_ConstrainProportionsScale: 0
  m_Children:
  - {fileID: 1506393338221283495}
  - {fileID: 2514481352079094111}
  - {fileID: 6622520566948133026}
  m_Father: {fileID: 0}
  m_RootOrder: 0
  m_LocalEulerAnglesHint: {x: 0, y: 0, z: 0}
--- !u!33 &7474806171245070183
MeshFilter:
  m_ObjectHideFlags: 0
  m_CorrespondingSourceObject: {fileID: 0}
  m_PrefabInstance: {fileID: 0}
  m_PrefabAsset: {fileID: 0}
  m_GameObject: {fileID: 394652702227230055}
  m_Mesh: {fileID: 8215408221899307376, guid: 33e597dc5c5908e43a23a8e9ca348b37, type: 3}
--- !u!23 &3528271491254392064
MeshRenderer:
  m_ObjectHideFlags: 0
  m_CorrespondingSourceObject: {fileID: 0}
  m_PrefabInstance: {fileID: 0}
  m_PrefabAsset: {fileID: 0}
  m_GameObject: {fileID: 394652702227230055}
  m_Enabled: 1
  m_CastShadows: 1
  m_ReceiveShadows: 1
  m_DynamicOccludee: 1
  m_StaticShadowCaster: 0
  m_MotionVectors: 1
  m_LightProbeUsage: 1
  m_ReflectionProbeUsage: 1
  m_RayTracingMode: 2
  m_RayTraceProcedural: 0
  m_RenderingLayerMask: 1
  m_RendererPriority: 0
  m_Materials:
  - {fileID: 2100000, guid: 8b40f54feb389f6498c4f34d7a992610, type: 2}
  m_StaticBatchInfo:
    firstSubMesh: 0
    subMeshCount: 0
  m_StaticBatchRoot: {fileID: 0}
  m_ProbeAnchor: {fileID: 0}
  m_LightProbeVolumeOverride: {fileID: 0}
  m_ScaleInLightmap: 1
  m_ReceiveGI: 1
  m_PreserveUVs: 0
  m_IgnoreNormalsForChartDetection: 0
  m_ImportantGI: 0
  m_StitchLightmapSeams: 1
  m_SelectedEditorRenderState: 3
  m_MinimumChartSize: 4
  m_AutoUVMaxDistance: 0.5
  m_AutoUVMaxAngle: 89
  m_LightmapParameters: {fileID: 0}
  m_SortingLayerID: 0
  m_SortingLayer: 0
  m_SortingOrder: 0
  m_AdditionalVertexStreams: {fileID: 0}
--- !u!1 &1298627648806753489
GameObject:
  m_ObjectHideFlags: 0
  m_CorrespondingSourceObject: {fileID: 0}
  m_PrefabInstance: {fileID: 0}
  m_PrefabAsset: {fileID: 0}
  serializedVersion: 6
  m_Component:
  - component: {fileID: 6622520566948133026}
  - component: {fileID: 6108856643951942322}
  - component: {fileID: 143426573495570938}
  m_Layer: 0
  m_Name: D_Big_Tronco
  m_TagString: Untagged
  m_Icon: {fileID: 0}
  m_NavMeshLayer: 0
  m_StaticEditorFlags: 0
  m_IsActive: 1
--- !u!4 &6622520566948133026
Transform:
  m_ObjectHideFlags: 0
  m_CorrespondingSourceObject: {fileID: 0}
  m_PrefabInstance: {fileID: 0}
  m_PrefabAsset: {fileID: 0}
  m_GameObject: {fileID: 1298627648806753489}
  m_LocalRotation: {x: -0, y: -0, z: -0, w: 1}
  m_LocalPosition: {x: 0, y: 0, z: 0}
  m_LocalScale: {x: 1, y: 1, z: 1}
  m_ConstrainProportionsScale: 0
  m_Children: []
  m_Father: {fileID: 5057704663107407631}
  m_RootOrder: 2
  m_LocalEulerAnglesHint: {x: 0, y: 0, z: 0}
--- !u!33 &6108856643951942322
MeshFilter:
  m_ObjectHideFlags: 0
  m_CorrespondingSourceObject: {fileID: 0}
  m_PrefabInstance: {fileID: 0}
  m_PrefabAsset: {fileID: 0}
  m_GameObject: {fileID: 1298627648806753489}
  m_Mesh: {fileID: 3924193092140760892, guid: 33e597dc5c5908e43a23a8e9ca348b37, type: 3}
--- !u!23 &143426573495570938
MeshRenderer:
  m_ObjectHideFlags: 0
  m_CorrespondingSourceObject: {fileID: 0}
  m_PrefabInstance: {fileID: 0}
  m_PrefabAsset: {fileID: 0}
  m_GameObject: {fileID: 1298627648806753489}
  m_Enabled: 1
  m_CastShadows: 1
  m_ReceiveShadows: 1
  m_DynamicOccludee: 1
  m_StaticShadowCaster: 0
  m_MotionVectors: 1
  m_LightProbeUsage: 1
  m_ReflectionProbeUsage: 1
  m_RayTracingMode: 2
  m_RayTraceProcedural: 0
  m_RenderingLayerMask: 1
  m_RendererPriority: 0
  m_Materials:
  - {fileID: 2100000, guid: 52ed039fe9b1a404f871d97822345d2b, type: 2}
  - {fileID: 2100000, guid: 2dd3a0172df53044d89dd34e19bd85dc, type: 2}
  - {fileID: 2100000, guid: 52ed039fe9b1a404f871d97822345d2b, type: 2}
  - {fileID: 2100000, guid: 2dd3a0172df53044d89dd34e19bd85dc, type: 2}
  - {fileID: 2100000, guid: 52ed039fe9b1a404f871d97822345d2b, type: 2}
  - {fileID: 2100000, guid: 2dd3a0172df53044d89dd34e19bd85dc, type: 2}
  - {fileID: 2100000, guid: 52ed039fe9b1a404f871d97822345d2b, type: 2}
  - {fileID: 2100000, guid: 2dd3a0172df53044d89dd34e19bd85dc, type: 2}
  - {fileID: 2100000, guid: 52ed039fe9b1a404f871d97822345d2b, type: 2}
  - {fileID: 2100000, guid: 2dd3a0172df53044d89dd34e19bd85dc, type: 2}
  - {fileID: 2100000, guid: 52ed039fe9b1a404f871d97822345d2b, type: 2}
  - {fileID: 2100000, guid: 2dd3a0172df53044d89dd34e19bd85dc, type: 2}
  - {fileID: 2100000, guid: 52ed039fe9b1a404f871d97822345d2b, type: 2}
  - {fileID: 2100000, guid: 2dd3a0172df53044d89dd34e19bd85dc, type: 2}
  - {fileID: 2100000, guid: 52ed039fe9b1a404f871d97822345d2b, type: 2}
  - {fileID: 2100000, guid: 2dd3a0172df53044d89dd34e19bd85dc, type: 2}
  - {fileID: 2100000, guid: 52ed039fe9b1a404f871d97822345d2b, type: 2}
  - {fileID: 2100000, guid: 2dd3a0172df53044d89dd34e19bd85dc, type: 2}
  - {fileID: 2100000, guid: 52ed039fe9b1a404f871d97822345d2b, type: 2}
  - {fileID: 2100000, guid: 2dd3a0172df53044d89dd34e19bd85dc, type: 2}
  - {fileID: 2100000, guid: 52ed039fe9b1a404f871d97822345d2b, type: 2}
  - {fileID: 2100000, guid: 2dd3a0172df53044d89dd34e19bd85dc, type: 2}
  - {fileID: 2100000, guid: 52ed039fe9b1a404f871d97822345d2b, type: 2}
  - {fileID: 2100000, guid: 2dd3a0172df53044d89dd34e19bd85dc, type: 2}
  - {fileID: 2100000, guid: 52ed039fe9b1a404f871d97822345d2b, type: 2}
  - {fileID: 2100000, guid: 2dd3a0172df53044d89dd34e19bd85dc, type: 2}
  - {fileID: 2100000, guid: 52ed039fe9b1a404f871d97822345d2b, type: 2}
  - {fileID: 2100000, guid: 2dd3a0172df53044d89dd34e19bd85dc, type: 2}
  - {fileID: 2100000, guid: 52ed039fe9b1a404f871d97822345d2b, type: 2}
  - {fileID: 2100000, guid: 2dd3a0172df53044d89dd34e19bd85dc, type: 2}
  - {fileID: 2100000, guid: 52ed039fe9b1a404f871d97822345d2b, type: 2}
  - {fileID: 2100000, guid: 2dd3a0172df53044d89dd34e19bd85dc, type: 2}
  - {fileID: 2100000, guid: 52ed039fe9b1a404f871d97822345d2b, type: 2}
  - {fileID: 2100000, guid: 2dd3a0172df53044d89dd34e19bd85dc, type: 2}
  - {fileID: 2100000, guid: 52ed039fe9b1a404f871d97822345d2b, type: 2}
  - {fileID: 2100000, guid: 2dd3a0172df53044d89dd34e19bd85dc, type: 2}
  - {fileID: 2100000, guid: 52ed039fe9b1a404f871d97822345d2b, type: 2}
  - {fileID: 2100000, guid: 2dd3a0172df53044d89dd34e19bd85dc, type: 2}
  - {fileID: 2100000, guid: 52ed039fe9b1a404f871d97822345d2b, type: 2}
  - {fileID: 2100000, guid: 2dd3a0172df53044d89dd34e19bd85dc, type: 2}
  - {fileID: 2100000, guid: 52ed039fe9b1a404f871d97822345d2b, type: 2}
  - {fileID: 2100000, guid: 2dd3a0172df53044d89dd34e19bd85dc, type: 2}
  - {fileID: 2100000, guid: 52ed039fe9b1a404f871d97822345d2b, type: 2}
  - {fileID: 2100000, guid: 2dd3a0172df53044d89dd34e19bd85dc, type: 2}
  - {fileID: 2100000, guid: 52ed039fe9b1a404f871d97822345d2b, type: 2}
  - {fileID: 2100000, guid: 2dd3a0172df53044d89dd34e19bd85dc, type: 2}
  - {fileID: 2100000, guid: 52ed039fe9b1a404f871d97822345d2b, type: 2}
  - {fileID: 2100000, guid: 2dd3a0172df53044d89dd34e19bd85dc, type: 2}
  - {fileID: 2100000, guid: 52ed039fe9b1a404f871d97822345d2b, type: 2}
  - {fileID: 2100000, guid: 2dd3a0172df53044d89dd34e19bd85dc, type: 2}
  - {fileID: 2100000, guid: 52ed039fe9b1a404f871d97822345d2b, type: 2}
  - {fileID: 2100000, guid: 2dd3a0172df53044d89dd34e19bd85dc, type: 2}
  - {fileID: 2100000, guid: 52ed039fe9b1a404f871d97822345d2b, type: 2}
  - {fileID: 2100000, guid: 2dd3a0172df53044d89dd34e19bd85dc, type: 2}
  - {fileID: 2100000, guid: 52ed039fe9b1a404f871d97822345d2b, type: 2}
  - {fileID: 2100000, guid: 2dd3a0172df53044d89dd34e19bd85dc, type: 2}
  - {fileID: 2100000, guid: 52ed039fe9b1a404f871d97822345d2b, type: 2}
  - {fileID: 2100000, guid: 2dd3a0172df53044d89dd34e19bd85dc, type: 2}
  - {fileID: 2100000, guid: 52ed039fe9b1a404f871d97822345d2b, type: 2}
  - {fileID: 2100000, guid: 2dd3a0172df53044d89dd34e19bd85dc, type: 2}
  - {fileID: 2100000, guid: 52ed039fe9b1a404f871d97822345d2b, type: 2}
  - {fileID: 2100000, guid: 2dd3a0172df53044d89dd34e19bd85dc, type: 2}
  - {fileID: 2100000, guid: 52ed039fe9b1a404f871d97822345d2b, type: 2}
  - {fileID: 2100000, guid: 2dd3a0172df53044d89dd34e19bd85dc, type: 2}
  - {fileID: 2100000, guid: 52ed039fe9b1a404f871d97822345d2b, type: 2}
  - {fileID: 2100000, guid: 2dd3a0172df53044d89dd34e19bd85dc, type: 2}
  - {fileID: 2100000, guid: 52ed039fe9b1a404f871d97822345d2b, type: 2}
  - {fileID: 2100000, guid: 2dd3a0172df53044d89dd34e19bd85dc, type: 2}
  - {fileID: 2100000, guid: 52ed039fe9b1a404f871d97822345d2b, type: 2}
  - {fileID: 2100000, guid: 2dd3a0172df53044d89dd34e19bd85dc, type: 2}
  - {fileID: 2100000, guid: 52ed039fe9b1a404f871d97822345d2b, type: 2}
  - {fileID: 2100000, guid: 2dd3a0172df53044d89dd34e19bd85dc, type: 2}
  - {fileID: 2100000, guid: 52ed039fe9b1a404f871d97822345d2b, type: 2}
  - {fileID: 2100000, guid: 2dd3a0172df53044d89dd34e19bd85dc, type: 2}
  - {fileID: 2100000, guid: 52ed039fe9b1a404f871d97822345d2b, type: 2}
  - {fileID: 2100000, guid: 2dd3a0172df53044d89dd34e19bd85dc, type: 2}
  - {fileID: 2100000, guid: 52ed039fe9b1a404f871d97822345d2b, type: 2}
  - {fileID: 2100000, guid: 2dd3a0172df53044d89dd34e19bd85dc, type: 2}
  - {fileID: 2100000, guid: 52ed039fe9b1a404f871d97822345d2b, type: 2}
  - {fileID: 2100000, guid: 2dd3a0172df53044d89dd34e19bd85dc, type: 2}
  - {fileID: 2100000, guid: 52ed039fe9b1a404f871d97822345d2b, type: 2}
  - {fileID: 2100000, guid: 2dd3a0172df53044d89dd34e19bd85dc, type: 2}
  - {fileID: 2100000, guid: 52ed039fe9b1a404f871d97822345d2b, type: 2}
  - {fileID: 2100000, guid: 2dd3a0172df53044d89dd34e19bd85dc, type: 2}
  - {fileID: 2100000, guid: 52ed039fe9b1a404f871d97822345d2b, type: 2}
  - {fileID: 2100000, guid: 2dd3a0172df53044d89dd34e19bd85dc, type: 2}
  - {fileID: 2100000, guid: 52ed039fe9b1a404f871d97822345d2b, type: 2}
  - {fileID: 2100000, guid: 2dd3a0172df53044d89dd34e19bd85dc, type: 2}
  - {fileID: 2100000, guid: 52ed039fe9b1a404f871d97822345d2b, type: 2}
  - {fileID: 2100000, guid: 2dd3a0172df53044d89dd34e19bd85dc, type: 2}
  - {fileID: 2100000, guid: 52ed039fe9b1a404f871d97822345d2b, type: 2}
  - {fileID: 2100000, guid: 2dd3a0172df53044d89dd34e19bd85dc, type: 2}
  - {fileID: 2100000, guid: 52ed039fe9b1a404f871d97822345d2b, type: 2}
  - {fileID: 2100000, guid: 2dd3a0172df53044d89dd34e19bd85dc, type: 2}
  - {fileID: 2100000, guid: 52ed039fe9b1a404f871d97822345d2b, type: 2}
  - {fileID: 2100000, guid: 2dd3a0172df53044d89dd34e19bd85dc, type: 2}
  - {fileID: 2100000, guid: 52ed039fe9b1a404f871d97822345d2b, type: 2}
  - {fileID: 2100000, guid: 2dd3a0172df53044d89dd34e19bd85dc, type: 2}
  - {fileID: 2100000, guid: 52ed039fe9b1a404f871d97822345d2b, type: 2}
  - {fileID: 2100000, guid: 2dd3a0172df53044d89dd34e19bd85dc, type: 2}
  - {fileID: 2100000, guid: 52ed039fe9b1a404f871d97822345d2b, type: 2}
  - {fileID: 2100000, guid: 2dd3a0172df53044d89dd34e19bd85dc, type: 2}
  - {fileID: 2100000, guid: 52ed039fe9b1a404f871d97822345d2b, type: 2}
  - {fileID: 2100000, guid: 2dd3a0172df53044d89dd34e19bd85dc, type: 2}
  - {fileID: 2100000, guid: 52ed039fe9b1a404f871d97822345d2b, type: 2}
  - {fileID: 2100000, guid: 2dd3a0172df53044d89dd34e19bd85dc, type: 2}
  - {fileID: 2100000, guid: 52ed039fe9b1a404f871d97822345d2b, type: 2}
  - {fileID: 2100000, guid: 2dd3a0172df53044d89dd34e19bd85dc, type: 2}
  - {fileID: 2100000, guid: 52ed039fe9b1a404f871d97822345d2b, type: 2}
  - {fileID: 2100000, guid: 2dd3a0172df53044d89dd34e19bd85dc, type: 2}
  - {fileID: 2100000, guid: 52ed039fe9b1a404f871d97822345d2b, type: 2}
  - {fileID: 2100000, guid: 2dd3a0172df53044d89dd34e19bd85dc, type: 2}
  - {fileID: 2100000, guid: 52ed039fe9b1a404f871d97822345d2b, type: 2}
  - {fileID: 2100000, guid: 2dd3a0172df53044d89dd34e19bd85dc, type: 2}
  m_StaticBatchInfo:
    firstSubMesh: 0
    subMeshCount: 0
  m_StaticBatchRoot: {fileID: 0}
  m_ProbeAnchor: {fileID: 0}
  m_LightProbeVolumeOverride: {fileID: 0}
  m_ScaleInLightmap: 1
  m_ReceiveGI: 1
  m_PreserveUVs: 0
  m_IgnoreNormalsForChartDetection: 0
  m_ImportantGI: 0
  m_StitchLightmapSeams: 1
  m_SelectedEditorRenderState: 3
  m_MinimumChartSize: 4
  m_AutoUVMaxDistance: 0.5
  m_AutoUVMaxAngle: 89
  m_LightmapParameters: {fileID: 0}
  m_SortingLayerID: 0
  m_SortingLayer: 0
  m_SortingOrder: 0
  m_AdditionalVertexStreams: {fileID: 0}
--- !u!1 &3237143204006346783
GameObject:
  m_ObjectHideFlags: 0
  m_CorrespondingSourceObject: {fileID: 0}
  m_PrefabInstance: {fileID: 0}
  m_PrefabAsset: {fileID: 0}
  serializedVersion: 6
  m_Component:
  - component: {fileID: 1506393338221283495}
  - component: {fileID: 4013785281832736468}
  - component: {fileID: 5493794885061032707}
  m_Layer: 0
  m_Name: D_Big__Flores
  m_TagString: Untagged
  m_Icon: {fileID: 0}
  m_NavMeshLayer: 0
  m_StaticEditorFlags: 0
  m_IsActive: 1
--- !u!4 &1506393338221283495
Transform:
  m_ObjectHideFlags: 0
  m_CorrespondingSourceObject: {fileID: 0}
  m_PrefabInstance: {fileID: 0}
  m_PrefabAsset: {fileID: 0}
  m_GameObject: {fileID: 3237143204006346783}
  m_LocalRotation: {x: -0, y: -0, z: -0, w: 1}
  m_LocalPosition: {x: 0, y: 0, z: 0}
  m_LocalScale: {x: 1, y: 1, z: 1}
  m_ConstrainProportionsScale: 0
  m_Children: []
  m_Father: {fileID: 5057704663107407631}
  m_RootOrder: 0
  m_LocalEulerAnglesHint: {x: 0, y: 0, z: 0}
--- !u!33 &4013785281832736468
MeshFilter:
  m_ObjectHideFlags: 0
  m_CorrespondingSourceObject: {fileID: 0}
  m_PrefabInstance: {fileID: 0}
  m_PrefabAsset: {fileID: 0}
  m_GameObject: {fileID: 3237143204006346783}
  m_Mesh: {fileID: 5881102592359941626, guid: 33e597dc5c5908e43a23a8e9ca348b37, type: 3}
--- !u!23 &5493794885061032707
MeshRenderer:
  m_ObjectHideFlags: 0
  m_CorrespondingSourceObject: {fileID: 0}
  m_PrefabInstance: {fileID: 0}
  m_PrefabAsset: {fileID: 0}
  m_GameObject: {fileID: 3237143204006346783}
  m_Enabled: 1
  m_CastShadows: 1
  m_ReceiveShadows: 1
  m_DynamicOccludee: 1
  m_StaticShadowCaster: 0
  m_MotionVectors: 1
  m_LightProbeUsage: 1
  m_ReflectionProbeUsage: 1
  m_RayTracingMode: 2
  m_RayTraceProcedural: 0
  m_RenderingLayerMask: 1
  m_RendererPriority: 0
  m_Materials:
  - {fileID: 7854432832064782961, guid: 33e597dc5c5908e43a23a8e9ca348b37, type: 3}
  m_StaticBatchInfo:
    firstSubMesh: 0
    subMeshCount: 0
  m_StaticBatchRoot: {fileID: 0}
  m_ProbeAnchor: {fileID: 0}
  m_LightProbeVolumeOverride: {fileID: 0}
  m_ScaleInLightmap: 1
  m_ReceiveGI: 1
  m_PreserveUVs: 0
  m_IgnoreNormalsForChartDetection: 0
  m_ImportantGI: 0
  m_StitchLightmapSeams: 1
  m_SelectedEditorRenderState: 3
  m_MinimumChartSize: 4
  m_AutoUVMaxDistance: 0.5
  m_AutoUVMaxAngle: 89
  m_LightmapParameters: {fileID: 0}
  m_SortingLayerID: 0
  m_SortingLayer: 0
  m_SortingOrder: 0
  m_AdditionalVertexStreams: {fileID: 0}
--- !u!1 &7155944531287497428
GameObject:
  m_ObjectHideFlags: 0
  m_CorrespondingSourceObject: {fileID: 0}
  m_PrefabInstance: {fileID: 0}
  m_PrefabAsset: {fileID: 0}
  serializedVersion: 6
  m_Component:
  - component: {fileID: 2514481352079094111}
  - component: {fileID: 3293724672018094001}
  - component: {fileID: 6331345094265787748}
  m_Layer: 0
  m_Name: D_Big_Pistilos
  m_TagString: Untagged
  m_Icon: {fileID: 0}
  m_NavMeshLayer: 0
  m_StaticEditorFlags: 0
  m_IsActive: 1
--- !u!4 &2514481352079094111
Transform:
  m_ObjectHideFlags: 0
  m_CorrespondingSourceObject: {fileID: 0}
  m_PrefabInstance: {fileID: 0}
  m_PrefabAsset: {fileID: 0}
  m_GameObject: {fileID: 7155944531287497428}
  m_LocalRotation: {x: -0, y: -0, z: -0, w: 1}
  m_LocalPosition: {x: 0, y: 0, z: 0}
  m_LocalScale: {x: 1, y: 1, z: 1}
  m_ConstrainProportionsScale: 0
  m_Children: []
  m_Father: {fileID: 5057704663107407631}
  m_RootOrder: 1
  m_LocalEulerAnglesHint: {x: 0, y: 0, z: 0}
--- !u!33 &3293724672018094001
MeshFilter:
  m_ObjectHideFlags: 0
  m_CorrespondingSourceObject: {fileID: 0}
  m_PrefabInstance: {fileID: 0}
  m_PrefabAsset: {fileID: 0}
  m_GameObject: {fileID: 7155944531287497428}
  m_Mesh: {fileID: -6967115334151965047, guid: 33e597dc5c5908e43a23a8e9ca348b37, type: 3}
--- !u!23 &6331345094265787748
MeshRenderer:
  m_ObjectHideFlags: 0
  m_CorrespondingSourceObject: {fileID: 0}
  m_PrefabInstance: {fileID: 0}
  m_PrefabAsset: {fileID: 0}
  m_GameObject: {fileID: 7155944531287497428}
  m_Enabled: 1
  m_CastShadows: 1
  m_ReceiveShadows: 1
  m_DynamicOccludee: 1
  m_StaticShadowCaster: 0
  m_MotionVectors: 1
  m_LightProbeUsage: 1
  m_ReflectionProbeUsage: 1
  m_RayTracingMode: 2
  m_RayTraceProcedural: 0
  m_RenderingLayerMask: 1
  m_RendererPriority: 0
  m_Materials:
  - {fileID: -9043864943401593280, guid: 33e597dc5c5908e43a23a8e9ca348b37, type: 3}
  m_StaticBatchInfo:
    firstSubMesh: 0
    subMeshCount: 0
  m_StaticBatchRoot: {fileID: 0}
  m_ProbeAnchor: {fileID: 0}
  m_LightProbeVolumeOverride: {fileID: 0}
  m_ScaleInLightmap: 1
  m_ReceiveGI: 1
  m_PreserveUVs: 0
  m_IgnoreNormalsForChartDetection: 0
  m_ImportantGI: 0
  m_StitchLightmapSeams: 1
  m_SelectedEditorRenderState: 3
  m_MinimumChartSize: 4
  m_AutoUVMaxDistance: 0.5
  m_AutoUVMaxAngle: 89
  m_LightmapParameters: {fileID: 0}
  m_SortingLayerID: 0
  m_SortingLayer: 0
  m_SortingOrder: 0
  m_AdditionalVertexStreams: {fileID: 0}
